<?xml version="1.0" encoding="UTF-8"?><collection xmlns="http://www.loc.gov/MARC21/slim"><record><leader>00648nam--2200181-i-4500</leader><controlfield tag="001">000044989</controlfield><controlfield tag="002">20161230</controlfield><controlfield tag="005">20161230201044</controlfield><controlfield tag="008">060222s1000------------r-----000-0-eng-d</controlfield><datafield ind1=" " ind2=" " tag="040"><subfield code="a">IFIN-HH</subfield></datafield><datafield ind1=" " ind2=" " tag="080"><subfield code="a">539.171.4.162.2:015:539.125.5.162.2</subfield></datafield><datafield ind1="1" ind2=" " tag="100"><subfield code="a">Todireanu, Stefan</subfield></datafield><datafield ind1="1" ind2="0" tag="245"><subfield code="a">Studiul adsorptiei fizice prin imprastiere de neutroni lenti, etilena si metanul adsorbite pe carbune activ</subfield><subfield code="b">Autoreferat asupra tezei</subfield><subfield code="c">Stefan todireanu</subfield></datafield><datafield ind1=" " ind2=" " tag="260"><subfield code="a">Bucuresti</subfield><subfield code="b">Institutul De Fizica Atomica</subfield><subfield code="c">1972</subfield></datafield><datafield ind1=" " ind2=" " tag="300"><subfield code="a">33P</subfield></datafield><datafield ind1=" " ind2=" " tag="502"><subfield code="a">Conducator Stiintific: Acad.Prof.Dr.Doc. Horia Hulubei</subfield></datafield><datafield ind1=" " ind2=" " tag="852"><subfield code="a">37353</subfield><subfield code="c">539.17</subfield></datafield><datafield ind1=" " ind2=" " tag="CAT"><subfield code="a">Sys</subfield><subfield code="c">20120608</subfield><subfield code="h">121217</subfield></datafield></record></collection>